% Encoding: UTF-8

@Book{Tipler2019,
  author    = {Tipler, Paul A and Mosca, Gene},
  publisher = {Springer-Verlag},
  title     = {Physik: f{\"u}r Studierende der Naturwissenschaften und Technik},
  year      = {2019},
  address   = {Berlin},
  edition   = {8. Auflage},
  isbn      = {978-3-662-58280-0},
}

}

@Misc{AnleitungV11,
  author       = {{Institut f√ºr Angewandte Physik}},
  howpublished = {Versuchsanleitung},
  title        = {Versuch 11: Messungen am Transformator},
  year         = {o.A.},
  url          = {https://www.uni-frankfurt.de/49295099/Generic_49295099.pdf},
  urldate      = {2020-08-26},
}
